<?xml version="1.0" encoding="UTF-8"?>
<collection
  xmlns:xsi="http://www.w3.org/2001/XMLSchema-instance"
  xsi:schemaLocation="http://www.loc.gov/MARC21/slim http://www.loc.gov/standards/marcxml/schema/MARC21slim.xsd"
  xmlns="http://www.loc.gov/MARC21/slim">

<record>
  <leader>06461ckdaa2200817 a 4500</leader>
  <controlfield tag="001">3462380</controlfield>
  <controlfield tag="005">20100226103433.0</controlfield>
  <controlfield tag="008">890523s1897    xx ||| |||||||   1k|eng d</controlfield>
  <datafield tag="035" ind1=" " ind2=" ">
    <subfield code="a">(OCoLC)83575708</subfield>
  </datafield>
  <datafield tag="035" ind1=" " ind2=" ">
    <subfield code="a">(OCoLC)ocm83575708</subfield>
  </datafield>
  <datafield tag="035" ind1=" " ind2=" ">
    <subfield code="a">(CStRLIN)NYDA89-F636</subfield>
  </datafield>
  <datafield tag="035" ind1=" " ind2=" ">
    <subfield code="9">AAA2851AD</subfield>
  </datafield>
  <datafield tag="035" ind1=" " ind2=" ">
    <subfield code="a">(NNC)3462380</subfield>
  </datafield>
  <datafield tag="040" ind1=" " ind2=" ">
    <subfield code="a">NNC</subfield>
    <subfield code="c">NNC</subfield>
    <subfield code="e">gihc</subfield>
  </datafield>
  <datafield tag="043" ind1=" " ind2=" ">
    <subfield code="a">n-us-ca</subfield>
  </datafield>
  <datafield tag="090" ind1=" " ind2=" ">
    <subfield code="i">08/16/01 X</subfield>
    <subfield code="h">01/09/92 N</subfield>
  </datafield>
  <datafield tag="110" ind1="2" ind2=" ">
    <subfield code="a">Greene &amp; Greene.</subfield>
  </datafield>
  <datafield tag="240" ind1="1" ind2="0">
    <subfield code="a">Howard Longley house (South Pasadena, Calif.)</subfield>
  </datafield>
  <datafield tag="245" ind1="1" ind2="0">
    <subfield code="a">House for Howard Longley, [South Pasadena, Calif.].</subfield>
    <subfield code="h">[graphic] /</subfield>
    <subfield code="c">Greene &amp; Greene, Architects.</subfield>
  </datafield>
  <datafield tag="260" ind1=" " ind2=" ">
    <subfield code="c">[1897]</subfield>
  </datafield>
  <datafield tag="300" ind1=" " ind2=" ">
    <subfield code="a">25 sheets :</subfield>
    <subfield code="b">various media ;</subfield>
    <subfield code="c">53.8 x 64.4 cm. (21 1/4 x 25 3/8 in.) or smaller.</subfield>
  </datafield>
  <datafield tag="500" ind1=" " ind2=" ">
    <subfield code="a">Date from inventory.</subfield>
  </datafield>
  <datafield tag="500" ind1=" " ind2=" ">
    <subfield code="a">Bracketed title elements supplied by cataloger or taken from inventory.</subfield>
  </datafield>
  <datafield tag="500" ind1=" " ind2=" ">
    <subfield code="a">Forms part of the Greene &amp; Greene collection of architectural drawings ; job. no. 23.</subfield>
  </datafield>
  <datafield tag="500" ind1=" " ind2=" ">
    <subfield code="a">Many of the drawings include approval signatures -- "Howard Longley, Ella M. Longley, Arthur Gourlay[?]".</subfield>
  </datafield>
  <datafield tag="500" ind1=" " ind2=" ">
    <subfield code="a">Scale varies.</subfield>
  </datafield>
  <datafield tag="500" ind1=" " ind2=" ">
    <subfield code="a">This set consists of 5 pencil drawings on paper, 4 ink drawings with pencil markings on tracing paper, 4 ink drawings on cloth with watercolor wash applied to the verso, 4 ink and watercolor wash drawings with pencil on tracing paper, 3 ink drawings on cloth, 3 ink drawings on cloth with pencil markings and also with watercolor wash applied to the verso, 1 ink drawing on tracing paper, 1 pencil and watercolor wash drawing on paper, 1 ink and watercolor wash drawing on tracing paper, and 1 ink drawing on tracing paper with watercolor wash applied to the verso.</subfield>
  </datafield>
  <datafield tag="561" ind1=" " ind2=" ">
    <subfield code="a">Gift of Jean Murray Bangs (Mrs. Harwell Hamilton Harris), 1960; Formerly the collection of Charles Sumner Greene.</subfield>
  </datafield>
  <datafield tag="650" ind1=" " ind2="7">
    <subfield code="a">Houses.</subfield>
    <subfield code="2">aat</subfield>
  </datafield>
  <datafield tag="655" ind1=" " ind2="7">
    <subfield code="a">Detail drawings.</subfield>
    <subfield code="2">aat</subfield>
  </datafield>
  <datafield tag="655" ind1=" " ind2="7">
    <subfield code="a">Sketches.</subfield>
    <subfield code="2">aat</subfield>
  </datafield>
  <datafield tag="655" ind1=" " ind2="7">
    <subfield code="a">Architectural drawings</subfield>
    <subfield code="x">American.</subfield>
    <subfield code="2">aat</subfield>
  </datafield>
  <datafield tag="655" ind1=" " ind2="7">
    <subfield code="a">Orthographic drawings.</subfield>
    <subfield code="2">aat</subfield>
  </datafield>
  <datafield tag="691" ind1=" " ind2="0">
    <subfield code="a">South Pasadena (Calif.)</subfield>
  </datafield>
  <datafield tag="697" ind1="2" ind2="4">
    <subfield code="a">Howard Longley house (South Pasadena, Calif.)</subfield>
  </datafield>
  <datafield tag="650" ind1=" " ind2="0">
    <subfield code="a">Architecture</subfield>
    <subfield code="z">United States</subfield>
    <subfield code="v">Designs and plans.</subfield>
  </datafield>
  <datafield tag="700" ind1="1" ind2=" ">
    <subfield code="a">Greene, Charles Sumner,</subfield>
    <subfield code="d">1868-1957.</subfield>
  </datafield>
  <datafield tag="700" ind1="1" ind2=" ">
    <subfield code="a">Greene, Henry Mather,</subfield>
    <subfield code="d">1870-1954.</subfield>
  </datafield>
  <datafield tag="700" ind1="1" ind2=" ">
    <subfield code="a">Longley, Howard.</subfield>
  </datafield>
  <datafield tag="755" ind1=" " ind2=" ">
    <subfield code="a">Pencil drawings.</subfield>
    <subfield code="2">aat</subfield>
  </datafield>
  <datafield tag="755" ind1=" " ind2=" ">
    <subfield code="a">Ink drawings.</subfield>
    <subfield code="2">aat</subfield>
  </datafield>
  <datafield tag="755" ind1=" " ind2=" ">
    <subfield code="a">Watercolor wash drawings.</subfield>
    <subfield code="2">aat</subfield>
  </datafield>
  <datafield tag="799" ind1="4" ind2="1">
    <subfield code="a">The Greene &amp; Greene collection of architectural drawings.</subfield>
  </datafield>
  <datafield tag="789" ind1="0" ind2=" ">
    <subfield code="1">[1]</subfield>
    <subfield code="i">NYDA.1960.001.02503.</subfield>
    <subfield code="v">[AVERYimage].</subfield>
    <subfield code="t">Foundation plan ; [detail drawings] -- 9" brick piers and footings, wall and footings, concrete chimney footings :</subfield>
    <subfield code="n">1.</subfield>
  </datafield>
  <datafield tag="789" ind1="0" ind2=" ">
    <subfield code="1">[2]</subfield>
    <subfield code="i">NYDA.1960.001.02504.</subfield>
    <subfield code="v">[AVERYimage].</subfield>
    <subfield code="t">First floor plan ; [unidentified rough sketches] :</subfield>
    <subfield code="n">2.</subfield>
  </datafield>
  <datafield tag="789" ind1="0" ind2=" ">
    <subfield code="1">[3]</subfield>
    <subfield code="i">NYDA.1960.001.02505.</subfield>
    <subfield code="v">[AVERYimage].</subfield>
    <subfield code="t">Second floor plan :</subfield>
    <subfield code="n">3.</subfield>
  </datafield>
  <datafield tag="789" ind1="0" ind2=" ">
    <subfield code="1">[4]</subfield>
    <subfield code="i">NYDA.1960.001.02506.</subfield>
    <subfield code="v">[AVERYimage].</subfield>
    <subfield code="t">Front elevation (north) :</subfield>
    <subfield code="n">4.</subfield>
  </datafield>
  <datafield tag="789" ind1="0" ind2=" ">
    <subfield code="1">[5]</subfield>
    <subfield code="i">NYDA.1960.001.02507.</subfield>
    <subfield code="v">[AVERYimage].</subfield>
    <subfield code="t">West elevation :</subfield>
    <subfield code="n">5.</subfield>
    <subfield code="o">Piece of paper with revised image of window glued on top of window.</subfield>
  </datafield>
  <datafield tag="789" ind1="0" ind2=" ">
    <subfield code="1">[6]</subfield>
    <subfield code="i">NYDA.1960.001.02508.</subfield>
    <subfield code="v">[AVERYimage].</subfield>
    <subfield code="t">South elevation :</subfield>
    <subfield code="n">6.</subfield>
  </datafield>
  <datafield tag="789" ind1="0" ind2=" ">
    <subfield code="1">[7]</subfield>
    <subfield code="i">NYDA.1960.001.02509.</subfield>
    <subfield code="v">[AVERYimage].</subfield>
    <subfield code="t">East elevation :</subfield>
    <subfield code="n">7.</subfield>
  </datafield>
  <datafield tag="789" ind1="0" ind2=" ">
    <subfield code="1">[8]</subfield>
    <subfield code="i">NYDA.1960.001.02510.</subfield>
    <subfield code="v">[AVERYimage].</subfield>
    <subfield code="t">Front porch detail -- section, plan, front elevation, half elevation inside :</subfield>
    <subfield code="n">8.</subfield>
  </datafield>
  <datafield tag="789" ind1="0" ind2=" ">
    <subfield code="1">[9]</subfield>
    <subfield code="i">NYDA.1960.001.02511.</subfield>
    <subfield code="v">[AVERYimage].</subfield>
    <subfield code="t">[Front porch details] -- section, [plan], front elevation.</subfield>
  </datafield>
  <datafield tag="789" ind1="0" ind2=" ">
    <subfield code="1">[10]</subfield>
    <subfield code="i">NYDA.1960.001.02512.</subfield>
    <subfield code="v">[AVERYimage].</subfield>
    <subfield code="t">1/2 inch scale detail of sideboard -- front elevation, plan :</subfield>
    <subfield code="n">35.</subfield>
    <subfield code="o">"South Pasadena".</subfield>
  </datafield>
  <datafield tag="789" ind1="0" ind2=" ">
    <subfield code="1">[11]</subfield>
    <subfield code="i">NYDA.1960.001.02513.</subfield>
    <subfield code="v">[AVERYimage].</subfield>
    <subfield code="t">Foundation plan ; section A-B [through foundation] ; detail of chimney footings ; detail ... showing brick footings for 8" and 12" piers :</subfield>
    <subfield code="n">No. 1.</subfield>
  </datafield>
  <datafield tag="789" ind1="0" ind2=" ">
    <subfield code="1">[12]</subfield>
    <subfield code="i">NYDA.1960.001.02514.</subfield>
    <subfield code="v">[AVERYimage].</subfield>
    <subfield code="t">First floor plan :</subfield>
    <subfield code="n">No. 2.</subfield>
  </datafield>
  <datafield tag="789" ind1="0" ind2=" ">
    <subfield code="1">[13]</subfield>
    <subfield code="i">NYDA.1960.001.02515.</subfield>
    <subfield code="v">[AVERYimage].</subfield>
    <subfield code="t">Second floor plan :</subfield>
    <subfield code="n">No. 3.</subfield>
  </datafield>
  <datafield tag="789" ind1="0" ind2=" ">
    <subfield code="1">[14]</subfield>
    <subfield code="i">NYDA.1960.001.02516.</subfield>
    <subfield code="v">[AVERYimage].</subfield>
    <subfield code="t">North elevation ; section [through wall] :</subfield>
    <subfield code="n">No. 4.</subfield>
  </datafield>
  <datafield tag="789" ind1="0" ind2=" ">
    <subfield code="1">[15]</subfield>
    <subfield code="i">NYDA.1960.001.02517.</subfield>
    <subfield code="v">[AVERYimage].</subfield>
    <subfield code="t">West elevation :</subfield>
    <subfield code="n">No. 5.</subfield>
  </datafield>
  <datafield tag="789" ind1="0" ind2=" ">
    <subfield code="1">[16]</subfield>
    <subfield code="i">NYDA.1960.001.02518.</subfield>
    <subfield code="v">[AVERYimage].</subfield>
    <subfield code="t">South elevation :</subfield>
    <subfield code="n">No. 6.</subfield>
  </datafield>
  <datafield tag="789" ind1="0" ind2=" ">
    <subfield code="1">[17]</subfield>
    <subfield code="i">NYDA.1960.001.02519.</subfield>
    <subfield code="v">[AVERYimage].</subfield>
    <subfield code="t">East elevation :</subfield>
    <subfield code="n">No. 7.</subfield>
  </datafield>
  <datafield tag="789" ind1="0" ind2=" ">
    <subfield code="1">[18]</subfield>
    <subfield code="i">NYDA.1960.001.02520.</subfield>
    <subfield code="v">[AVERYimage].</subfield>
    <subfield code="t">Details of exterior finish -- details of front porch [in elevation and] section ; half elevation of dormer :</subfield>
    <subfield code="n">No. 8.</subfield>
  </datafield>
  <datafield tag="789" ind1="0" ind2=" ">
    <subfield code="1">[19]</subfield>
    <subfield code="i">NYDA.1960.001.02521.</subfield>
    <subfield code="v">[AVERYimage].</subfield>
    <subfield code="t">1/2 inch scale detail[s] of hall and front stairs -- east elevation [of] hall [with] joining of window casings on stairs ; casement (same detail for screens to this window) ; section thro' stairs ; stair plan ; west elevation and part plan of hall :</subfield>
    <subfield code="n">9.</subfield>
  </datafield>
  <datafield tag="789" ind1="0" ind2=" ">
    <subfield code="1">[20]</subfield>
    <subfield code="i">NYDA.1960.001.02522.</subfield>
    <subfield code="v">[AVERYimage].</subfield>
    <subfield code="t">[1/2 inch scale details of hall and front stairs -- east elevation of hall with joining of window casings on stairs ; casement (same detail for screens to this window) ; section through stairs ; stair] plan ; [west elevation and part plan of hall]</subfield>
  </datafield>
  <datafield tag="789" ind1="0" ind2=" ">
    <subfield code="1">[21]</subfield>
    <subfield code="i">NYDA.1960.001.02523.</subfield>
    <subfield code="v">[AVERYimage].</subfield>
    <subfield code="t">1/4 in. scale details of hall and stairs -- looking east, looking south, looking north :</subfield>
    <subfield code="n">No. 10.</subfield>
  </datafield>
  <datafield tag="789" ind1="0" ind2=" ">
    <subfield code="1">[22]</subfield>
    <subfield code="i">NYDA.1960.001.02524.</subfield>
    <subfield code="v">[AVERYimage].</subfield>
    <subfield code="t">Door details -- door from hall to lavatory, door from dining room to butler's pantry, sliding door [from] hall to D.R., single sliding doors in parlor and living room ; F.S. detail of stile and mould :</subfield>
    <subfield code="n">No. 25.</subfield>
    <subfield code="o">"Sliding doors to have plain stiles, no astrigals [sic]".</subfield>
    <subfield code="o">"Note -- strip at "A" put in stiles of these doors to conceal ands of tenons. Must match grain of wood in door and be same color. To be glued in".</subfield>
  </datafield>
  <datafield tag="789" ind1="0" ind2=" ">
    <subfield code="1">[23]</subfield>
    <subfield code="i">NYDA.1960.001.02525.</subfield>
    <subfield code="v">[AVERYimage].</subfield>
    <subfield code="t">1/2 inch scale detail of brick mantel in library -- section, elevation, plan :</subfield>
    <subfield code="n">No. 33.</subfield>
  </datafield>
  <datafield tag="789" ind1="0" ind2=" ">
    <subfield code="1">[24]</subfield>
    <subfield code="i">NYDA.1960.001.02526R.</subfield>
    <subfield code="v">[AVERYimage].</subfield>
    <subfield code="t">Sideboard -- side [elevation showing] section, [front] elevation, plan ; [unidentified rough sketches]</subfield>
  </datafield>
  <datafield tag="789" ind1="0" ind2=" ">
    <subfield code="1">[25]</subfield>
    <subfield code="i">NYDA.1960.001.02526V.</subfield>
    <subfield code="v">[AVERYimage].</subfield>
    <subfield code="t">[Sketch of baluster]</subfield>
  </datafield>
  <datafield tag="789" ind1="0" ind2=" ">
    <subfield code="1">[26]</subfield>
    <subfield code="i">NYDA.1960.001.02527R.</subfield>
    <subfield code="v">[AVERYimage].</subfield>
    <subfield code="t">[Section through wall and portion of roof ; unidentified rough sketch]</subfield>
  </datafield>
  <datafield tag="789" ind1="0" ind2=" ">
    <subfield code="1">[27]</subfield>
    <subfield code="i">NYDA.1960.001.02527V.</subfield>
    <subfield code="v">[AVERYimage].</subfield>
    <subfield code="t">[Unidentified rough sketch]</subfield>
  </datafield>
  <datafield tag="900" ind1=" " ind2=" ">
    <subfield code="a">AUTH</subfield>
  </datafield>
</record>

</collection>